@inproceedings{simoulin_2021c,
    title = "Un mod{\`e}le Transformer G{\'e}n{\'e}ratif Pr{\'e}-entrain{\'e} pour le{\_}{\_}{\_}{\_}{\_}{\_} fran{\c{c}}ais (Generative Pre-trained Transformer in{\_}{\_}{\_}{\_}{\_}{\_} ({F}rench)",
    author = "Simoulin, Antoine  and
      Crabb{\'e}, Benoit",
    booktitle = "Actes de la 28e Conf{\'e}rence sur le Traitement Automatique des Langues Naturelles. Volume 1 : conf{\'e}rence principale",
    month = "6",
    year = "2021",
    address = "Lille, France",
    publisher = "ATALA",
    url = "https://aclanthology.org/2021.jeptalnrecital-taln.24",
    pages = "246--255",
}

@article{linzen_2020,
  author    = {Tal Linzen and
               Marco Baroni},
  title     = {Syntactic Structure from Deep Learning},
  journal   = {CoRR},
  volume    = {abs/2004.10827},
  year      = {2020},
  url       = {https://arxiv.org/abs/2004.10827},
  eprinttype = {arXiv},
  eprint    = {2004.10827},
}

@inproceedings{simoulin_2021a,
    title = "Contrasting distinct structured views to learn sentence embeddings",
    author = "Simoulin, Antoine  and
      Crabb{\'e}, Benoit",
    booktitle = "Proceedings of the 16th Conference of the European Chapter of the Association for Computational Linguistics: Student Research Workshop",
    month = apr,
    year = "2021",
    address = "Online",
    publisher = "Association for Computational Linguistics",
    url = "https://aclanthology.org/2021.eacl-srw.11",
    doi = "10.18653/v1/2021.eacl-srw.11",
    pages = "71--79",
}

@inproceedings{simoulin_2021b,
    title = "How Many Layers and Why? {A}n Analysis of the Model Depth in Transformers",
    author = "Simoulin, Antoine  and
      Crabb{\'e}, Benoit",
    booktitle = "Proceedings of the 59th Annual Meeting of the Association for Computational Linguistics and the 11th International Joint Conference on Natural Language Processing: Student Research Workshop",
    month = aug,
    year = "2021",
    address = "Online",
    publisher = "Association for Computational Linguistics",
    url = "https://aclanthology.org/2021.acl-srw.23",
    doi = "10.18653/v1/2021.acl-srw.23",
    pages = "221--228",
}

@article{simoulin_2020,
  author = "Simoulin, Antoine  and
      Crabb{\'e}, Benoit",
  title     = {Unifying parsing and tree-structured models for generating sentence semantic representations},
  journal   = {CoRR},
  year      = {2020},
  url       = {https://simoulin.io/articles/EACL_2021_submission_and_reviews.pdf},
}

@inproceedings{kim_2020,
  author    = {Najoung Kim and
               Tal Linzen},
  editor    = {Bonnie Webber and
               Trevor Cohn and
               Yulan He and
               Yang Liu},
  title     = {{COGS:} {A} Compositional Generalization Challenge Based on Semantic
               Interpretation},
  booktitle = {Proceedings of the 2020 Conference on Empirical Methods in Natural
               Language Processing, {EMNLP} 2020, Online, November 16-20, 2020},
  pages     = {9087--9105},
  publisher = {Association for Computational Linguistics},
  year      = {2020},
  url       = {https://doi.org/10.18653/v1/2020.emnlp-main.731},
  doi       = {10.18653/v1/2020.emnlp-main.731},
}

@book{fromkin_2017,
  author = {Fromkin Victoria, Robert Rodman, and Nina Hyams},
  year = {2007},
  title = {An introduction to language},
  publisher = {Thomson Wadsworth},
  address = {Boston, MA},
  edition = {10}
}